<record><leader>00000cas a22000007a 4500</leader><controlfield tag="001">13749310</controlfield><controlfield tag="008">860619d19021905inudn ne      0    0eng d</controlfield><datafield ind1=" " ind2=" " tag="010"><subfield code="a">sn 86058624 </subfield></datafield><datafield ind1=" " ind2=" " tag="040"><subfield code="a">NPI</subfield><subfield code="b">eng</subfield><subfield code="c">NPI</subfield><subfield code="d">OCLCQ</subfield></datafield><datafield ind1=" " ind2=" " tag="042"><subfield code="a">msc</subfield></datafield><datafield ind1="0" ind2=" " tag="130"><subfield code="a">Evening journal (Knightstown, Ind.)</subfield></datafield><datafield ind1="1" ind2="4" tag="245"><subfield code="a">The evening journal.</subfield></datafield><datafield ind1=" " ind2=" " tag="260"><subfield code="a">Knightstown, Ind. :</subfield><subfield code="b">Roy W. Steele</subfield></datafield><datafield ind1=" " ind2=" " tag="300"><subfield code="a">v. :</subfield><subfield code="b">ill. (chiefly advertisements)</subfield></datafield><datafield ind1=" " ind2=" " tag="310"><subfield code="a">Daily (except Sun.)</subfield></datafield><datafield ind1="1" ind2=" " tag="362"><subfield code="a">Began between Feb. and June 1902; seems to have ceased in early 1905.</subfield></datafield><datafield ind1=" " ind2=" " tag="500"><subfield code="a">Politically independent with Republican leanings. Cf. Miller, John W. Indiana newspaper bibliog.</subfield></datafield><datafield ind1=" " ind2=" " tag="580"><subfield code="a">Published also from July 1903 in a weekly edition called: Tri-county weekly journal-sun.</subfield></datafield><datafield ind1=" " ind2=" " tag="588"><subfield code="a">Description based on: Vol. 3, no. 266 (June 27, 1902).</subfield></datafield><datafield ind1=" " ind2=" " tag="752"><subfield code="a">United States</subfield><subfield code="b">Indiana</subfield><subfield code="c">Henry</subfield><subfield code="d">Knightstown.</subfield></datafield><datafield ind1="1" ind2=" " tag="775"><subfield code="t">Tri-county weekly journal-sun</subfield><subfield code="w">(DLC)sn 86058626</subfield></datafield><datafield ind1="0" ind2="0" tag="780"><subfield code="t">Knightstown journal (Knightstown, Ind. : 1899)</subfield><subfield code="w">(DLC)sn 86058623</subfield></datafield><datafield ind1="0" ind2="7" tag="785"><subfield code="t">Tri-county weekly journal-sun</subfield><subfield code="w">(DLC)sn 86058626</subfield></datafield><datafield ind1="0" ind2="7" tag="785"><subfield code="t">Knightstown journal (Knightstown, Ind. : 1899)</subfield><subfield code="w">(DLC)sn 86058627</subfield></datafield><datafield ind1="1" ind2=" " tag="029"><subfield code="a">AU@</subfield><subfield code="b">000025804687</subfield></datafield></record>